<record><leader>03152cam a2200421 i 4500</leader><controlfield tag="001">6076087</controlfield><controlfield tag="003">OCoLC</controlfield><controlfield tag="005">20150203135111.1</controlfield><controlfield tag="008">140729t20152015dcu           001 0 eng  </controlfield><datafield ind1=" " ind2=" " tag="010"><subfield code="a">  2014030042</subfield></datafield><datafield ind1=" " ind2=" " tag="020"><subfield code="a">9781585624645</subfield><subfield code="q">paperback</subfield></datafield><datafield ind1=" " ind2=" " tag="020"><subfield code="a">1585624640</subfield><subfield code="q">paperback</subfield></datafield><datafield ind1=" " ind2=" " tag="035"><subfield code="a">ocn885148361</subfield></datafield><datafield ind1=" " ind2=" " tag="039"><subfield code="a">exclude</subfield></datafield><datafield ind1=" " ind2=" " tag="040"><subfield code="a">DNLM/DLC</subfield><subfield code="e">rda</subfield><subfield code="b">eng</subfield><subfield code="c">DLC</subfield><subfield code="d">YDX</subfield><subfield code="d">YDXCP</subfield><subfield code="d">BTCTA</subfield><subfield code="d">BDX</subfield><subfield code="d">OCLCO</subfield><subfield code="d">AEU</subfield></datafield><datafield ind1=" " ind2=" " tag="042"><subfield code="a">pcc</subfield></datafield><datafield ind1=" " ind2="4" tag="050"><subfield code="a">RC457</subfield><subfield code="b">.S78 2015</subfield></datafield><datafield ind1="1" ind2="0" tag="060"><subfield code="a">WM 18.2</subfield></datafield><datafield ind1="0" ind2="0" tag="082"><subfield code="a">616.890076</subfield><subfield code="2">23</subfield></datafield><datafield ind1=" " ind2=" " tag="090"><subfield code="a">RC457 .S78 2015</subfield><subfield code="b">AEGMCT</subfield></datafield><datafield ind1="0" ind2="0" tag="245"><subfield code="a">Study guide to DSM-5 /</subfield><subfield code="c">edited by Laura Weiss Roberts, M.D., M.A., Alan K. Louie, M.D.</subfield></datafield><datafield ind1=" " ind2=" " tag="250"><subfield code="a">First edition.</subfield></datafield><datafield ind1=" " ind2="1" tag="264"><subfield code="a">Washington, DC :</subfield><subfield code="b">American Psychiatric Publishing, a Division of American Psychiatric Association,</subfield><subfield code="c">[2015]</subfield></datafield><datafield ind1=" " ind2="4" tag="264"><subfield code="c">&#169;2015</subfield></datafield><datafield ind1=" " ind2=" " tag="300"><subfield code="a">xvii, 534 pages ;</subfield><subfield code="c">26 cm</subfield></datafield><datafield ind1=" " ind2=" " tag="336"><subfield code="a">text</subfield><subfield code="b">txt</subfield><subfield code="2">rdacontent</subfield></datafield><datafield ind1=" " ind2=" " tag="337"><subfield code="a">unmediated</subfield><subfield code="b">n</subfield><subfield code="2">rdamedia</subfield></datafield><datafield ind1=" " ind2=" " tag="338"><subfield code="a">volume</subfield><subfield code="b">nc</subfield><subfield code="2">rdacarrier</subfield></datafield><datafield ind1=" " ind2=" " tag="500"><subfield code="a">Includes index.</subfield></datafield><datafield ind1="0" ind2=" " tag="505"><subfield code="a">The role of diagnosis and DSM-5 / Laura Weiss Roberts, Mickey Trockel -- Arriving at a diagnosis : the role of the clinical interview / John Coverdale, Alan K. Louie, Laura Weiss Roberts -- Understanding different approaches to diagnostic classification / Maurice M. Ohayon, Laura Weiss Roberts -- Neurodevelopmental disorders / David S. Hong -- Schizophrenia spectrum and other psychotic disorders / John Lauriello, Tahir Rahman -- Bipolar and related disorders / Terence A. Ketter, Shefali Miller -- Depressive disorders / Bruce A. Arnow, Tonita E. Wroolie, Sanno E. Zack -- Anxiety disorders / Alan K. Louie, Laura Roberts -- Obsessive-compulsive and related disorders / Elias Aboujaoude, Robert Holaway -- Trauma- and stressor-related disorders / Cheryl Gore-Felton, Cheryl Koopman -- Dissociative disorders / David Spiegel, Daphne Simeon -- Somatic symptom and related disorders / Ann C. Schwartz, Thomas W. Heinrich -- Feeding and eating disorders / Cara Bohon -- Elimination disorders / Jennifer Derenne, Kathleen Kara Fitzpatrick -- Sleep-wake disorders / Michelle Primeau, Ruth O'Hara -- Sexual dysfunctions / Richard Balon -- Gender dysphoria / Carlos Greaves, Daryn Reicherter -- Disruptive, impulse-control, and conduct disorders / Whitney Daniels, Hans Steiner -- Substance-related and addictive disorders / Kimberly L. Brodsky, Michael J. Ostacher -- Neurocognitive disorders / Brian Yochim, Maya Yutsis, Allyson Rosen, Jerome Yesavage -- Personality disorders / Daryn Reicherter, Laura Weiss Roberts -- Paraphilic disorders / Richard Balon -- Questions and answers / Richard Balon [and 9 others].</subfield></datafield><datafield ind1=" " ind2=" " tag="596"><subfield code="a">29</subfield></datafield><datafield ind1="0" ind2="0" tag="630"><subfield code="a">Diagnostic and statistical manual of mental disorders.</subfield><subfield code="s">5th ed.</subfield></datafield><datafield ind1=" " ind2="0" tag="650"><subfield code="a">Mental illness</subfield><subfield code="x">Diagnosis</subfield><subfield code="v">Study guides.</subfield></datafield><datafield ind1="1" ind2=" " tag="700"><subfield code="a">Roberts, Laura Weiss,</subfield><subfield code="d">1960-</subfield><subfield code="e">editor.</subfield></datafield><datafield ind1="1" ind2=" " tag="700"><subfield code="a">Louie, Alan K.,</subfield><subfield code="d">1955-</subfield><subfield code="e">editor.</subfield></datafield><datafield ind1="2" ind2=" " tag="710"><subfield code="a">American Psychiatric Publishing,</subfield><subfield code="e">publisher.</subfield></datafield><datafield ind1=" " ind2=" " tag="949"><subfield code="a">RC457 .S78 2015</subfield><subfield code="h">GMCT-OS-B</subfield><subfield code="i">1007438136</subfield><subfield code="p">96.30</subfield><subfield code="k">AVAIL_SOON</subfield></datafield><datafield ind1=" " ind2=" " tag="926"><subfield code="a">RC457 .S78 2015</subfield><subfield code="w">LC</subfield><subfield code="c">1</subfield><subfield code="i">1007438136</subfield><subfield code="d">4/3/2016</subfield><subfield code="e">5/13/2015</subfield><subfield code="l">ON_SHELF</subfield><subfield code="m">GR_MACEWAN</subfield><subfield code="n">1</subfield><subfield code="p">$96.30</subfield><subfield code="q">2</subfield><subfield code="r">Y</subfield><subfield code="s">Y</subfield><subfield code="t">BOOK</subfield><subfield code="u">2/4/2015</subfield></datafield></record>